@article{verhulst1838notice,
  title={Notice sur la loi que la population suit dans son accroissement},
  author={Verhulst, Pierre-Fran{\c{c}}ois},
  journal={Corresp. Math. Phys.},
  volume={10},
  pages={113--126},
  year={1838}
}

@article{daniel2020burden,
  title={The Burden of Foodborne Disease in the UK 2018},
  author={Daniel, Nicholas and Casadevall, Nuria and Sun, Pei and Sugden, Daniel and Aldin, Vanna},
  journal={London: FSA},
  year={2020}
}


@book{world2015estimates,
  title={WHO estimates of the global burden of foodborne diseases: foodborne disease burden epidemiology reference group 2007-2015},
  author={World Health Organization and others},
  year={2015},
  publisher={World Health Organization}
}

@article{mcmeekin1996shelf,
  title={Shelf life prediction: status and future possibilities},
  author={McMeekin, Thomas A and Ross, Thomas},
  journal={International journal of food microbiology},
  volume={33},
  number={1},
  pages={65--83},
  year={1996},
  publisher={Elsevier}
}

@article{foegeding1997driving,
  title={Driving predictive modelling on a risk assessment path for enhanced food safety},
  author={Foegeding, Peggy M},
  journal={International Journal of Food Microbiology},
  volume={36},
  number={2-3},
  pages={87--95},
  year={1997},
  publisher={Elsevier}
}

@article{ross2003modeling,
  title={Modeling microbial growth within food safety risk assessments},
  author={Ross, Thomas and McMeekin, Thomas Alexander},
  journal={Risk Analysis: An International Journal},
  volume={23},
  number={1},
  pages={179--197},
  year={2003},
  publisher={Wiley Online Library}
}

@article{grijspeerdt1999estimating,
  title={Estimating the parameters of the Baranyi model for bacterial growth},
  author={Grijspeerdt, Koen and Vanrolleghem, Peter},
  journal={Food microbiology},
  volume={16},
  number={6},
  pages={593--605},
  year={1999},
  publisher={Elsevier}
}

@article{lopez2004statistical,
  title={Statistical evaluation of mathematical models for microbial growth},
  author={L{\'o}pez, Sophie and Prieto, M and Dijkstra, Jan and Dhanoa, Mewa Singh and France, Jim},
  journal={International journal of food microbiology},
  volume={96},
  number={3},
  pages={289--300},
  year={2004},
  publisher={Elsevier}
}

@article{levins1966strategy,
  title={The strategy of model building in population biology},
  author={Levins, Richard},
  journal={American scientist},
  volume={54},
  number={4},
  pages={421--431},
  year={1966},
  publisher={JSTOR}
}




