 @misc{iccs_2020, 
  title={Benchmark for nature}, 
  url={https://www.iccs.org.uk/project/benchmark-nature}, 
  journal={Interdisciplinary Centre for Conservation Science}, 
  author={ICCS}, 
  year={2020}
} 

 @article{kinzig2005effects,
  title={The effects of human socioeconomic status and cultural characteristics on urban patterns of biodiversity},
  author={Kinzig, Ann P and Warren, Paige and Martin, Chris and Hope, Diane and Katti, Madhusudan},
  journal={Ecology and Society},
  volume={10},
  number={1},
  year={2005},
  publisher={JSTOR}
}

@article{shin2022actions,
  title={Actions to halt biodiversity loss generally benefit the climate},
  author={Shin, Yunne-Jai and Midgley, Guy F and Archer, Emma RM and Arneth, Almut and Barnes, David KA and Chan, Lena and Hashimoto, Shizuka and Hoegh-Guldberg, Ove and Insarov, Gregory and Leadley, Paul and others},
  journal={Global change biology},
  year={2022},
  publisher={Wiley Online Library}
}

@article{gasu2021review,
  title={A REVIEW OF BIODIVERSITY LOSS AND CLIMATE CHANGE: POLICY MEASURES AND ADAPTATION STRATEGIES IN NIGERIA},
  author={Gasu, MB and Gasu, GN and Ntemuse, UE and others},
  journal={Malaysian Journal of Tropical Geography (MJTG)},
  volume={47},
  number={1 and 2},
  pages={100--122},
  year={2021}
}
