 @misc{iccs_2020, 
  title={Benchmark for nature}, 
  url={https://www.iccs.org.uk/project/benchmark-nature}, 
  journal={Interdisciplinary Centre for Conservation Science}, 
  author={ICCS}, 
  year={2020}
} 

 @article{kinzig2005effects,
  title={The effects of human socioeconomic status and cultural characteristics on urban patterns of biodiversity},
  author={Kinzig, Ann P and Warren, Paige and Martin, Chris and Hope, Diane and Katti, Madhusudan},
  journal={Ecology and Society},
  volume={10},
  number={1},
  year={2005},
  publisher={JSTOR}
}

@article{shin2022actions,
  title={Actions to halt biodiversity loss generally benefit the climate},
  author={Shin, Yunne-Jai and Midgley, Guy F and Archer, Emma RM and Arneth, Almut and Barnes, David KA and Chan, Lena and Hashimoto, Shizuka and Hoegh-Guldberg, Ove and Insarov, Gregory and Leadley, Paul and others},
  journal={Global change biology},
  year={2022},
  publisher={Wiley Online Library}
}

@article{gasu2021review,
  title={A REVIEW OF BIODIVERSITY LOSS AND CLIMATE CHANGE: POLICY MEASURES AND ADAPTATION STRATEGIES IN NIGERIA},
  author={Gasu, MB and Gasu, GN and Ntemuse, UE and others},
  journal={Malaysian Journal of Tropical Geography (MJTG)},
  volume={47},
  number={1 and 2},
  pages={100--122},
  year={2021}
}

@article{diaz2006biodiversity,
  title={Biodiversity loss threatens human well-being},
  author={D{\'\i}az, Sandra and Fargione, Joseph and Chapin III, F Stuart and Tilman, David},
  journal={PLoS biology},
  volume={4},
  number={8},
  pages={e277},
  year={2006},
  publisher={Public Library of Science San Francisco, USA}
}

@inproceedings{nobel2020anthropogenic,
  title={Are anthropogenic pressures on biodiversity valued differently than natural ones? A meta-analysis of the non-use valuation literature},
  author={Nobel, Anne and Lizin, Sebastien and Brouwer, Roy and Stern, David and B Bruns, Stephan and Malina, Robert and others},
  booktitle={2020 Conference (64th), February 12-14, 2020, Perth, Western Australia},
  number={305246},
  year={2020},
  organization={Australian Agricultural and Resource Economics Society}
}

@article{plumptre2021might,
	title={Where might we find ecologically intact communities?},
	author={Plumptre, Andrew J and Baisero, Daniele and Belote, R Travis and V{\'a}zquez-Dom{\'\i}nguez, Ella and Faurby, Soren and JÈ©drzejewski, W{\l}odzimierz and Kiara, Henry and K{\"u}hl, Hjalmar and Ben{\'\i}tez-L{\'o}pez, Ana and Luna-Arangur{\'e}, Carlos and others},
	journal={Frontiers in Forests and Global Change},
	volume={4},
	pages={26},
	year={2021},
	publisher={Frontiers}
}

@misc{pri2020, 
	title={Investor action on Biodiversity}, url={https://www.unpri.org/biodiversity/investor-action-on-biodiversity/6335.article#download}, 
	journal={PRI}, 
	publisher={Principles for Responsible Investment Association}, 
	author={PRI}, 
	year={2020}, 
	month={Sep}} 

@misc{worldeconomicforum2020, 
	title={New nature economy series nature risk rising ... - world economic forum}, url={https://www3.weforum.org/docs/WEF_New_Nature_Economy_Report_2020.pdf}, journal={Nature Risk Rising: Why the Crisis Engulfing Nature Matters for Business and the Economy}, 
	publisher={World Economic Forum}, author={World Economic Forum}, year={2020}, 
	month={Jan}} 

@misc{wwf2020, 
	title={Nature is too big to fail}, url={https://www.wwf.ch/sites/default/files/doc-2020-01/Nature%20is%20too%20big%20to%20fail_EN_web.pdf}, 
	journal={wwf},
	 author={WWF}, 
	 year={2020}, 
	 month={Jan}}

@article{ogar2020science,
	title={Science must embrace traditional and indigenous knowledge to solve our biodiversity crisis},
	author={Ogar, Edwin and Pecl, Gretta and Mustonen, Tero},
	journal={One Earth},
	volume={3},
	number={2},
	pages={162--165},
	year={2020},
	publisher={Elsevier}
} 

@article{duffy2017biodiversity,
	title={Biodiversity effects in the wild are common and as strong as key drivers of productivity},
	author={Duffy, J Emmett and Godwin, Casey M and Cardinale, Bradley J},
	journal={Nature},
	volume={549},
	number={7671},
	pages={261--264},
	year={2017},
	publisher={Nature Publishing Group}
}

@article{bowler2020mapping,
	title={Mapping human pressures on biodiversity across the planet uncovers anthropogenic threat complexes},
	author={Bowler, Diana E and Bjorkman, Anne D and Dornelas, Maria and Myers-Smith, Isla H and Navarro, Laetitia M and Niamir, Aidin and Supp, Sarah R and Waldock, Conor and Winter, Marten and Vellend, Mark and others},
	journal={People and Nature},
	volume={2},
	number={2},
	pages={380--394},
	year={2020},
	publisher={Wiley Online Library}
}

@book{millennium2005ecosystems,
	title={Ecosystems and human well-being},
	author={Millennium ecosystem assessment, MEA},
	volume={5},
	year={2005},
	publisher={Island press Washington, DC}
}

@article{sala2000global,
	title={Global biodiversity scenarios for the year 2100},
	author={Sala, Osvaldo E and Stuart Chapin, FIII and Armesto, Juan J and Berlow, Eric and Bloomfield, Janine and Dirzo, Rodolfo and Huber-Sanwald, Elisabeth and Huenneke, Laura F and Jackson, Robert B and Kinzig, Ann and others},
	journal={science},
	volume={287},
	number={5459},
	pages={1770--1774},
	year={2000},
	publisher={American Association for the Advancement of Science}
}

@article{sunday2015species,
	title={Species traits and climate velocity explain geographic range shifts in an ocean-warming hotspot},
	author={Sunday, Jennifer M and Pecl, Gretta T and Frusher, Stewart and Hobday, Alistair J and Hill, Nicole and Holbrook, Neil J and Edgar, Graham J and Stuart-Smith, Rick and Barrett, Neville and Wernberg, Thomas and others},
	journal={Ecology letters},
	volume={18},
	number={9},
	pages={944--953},
	year={2015},
	publisher={Wiley Online Library}
}

@article{louette2010bioscore,
	title={BioScore--Cost-effective assessment of policy impact on biodiversity using species sensitivity scores},
	author={Louette, Gerald and Maes, Dirk and Alkemade, J Rob M and Boitani, Luigi and de Knegt, Bart and Eggers, Jeannette and Falcucci, Alessandra and Framstad, Erik and Hagemeijer, Ward and Hennekens, Stephan M and others},
	journal={Journal for Nature Conservation},
	volume={18},
	number={2},
	pages={142--148},
	year={2010},
	publisher={Elsevier}
}

@article{ament2019compatibility,
	title={Compatibility between agendas for improving human development and wildlife conservation outside protected areas: Insights from 20 years of data},
	author={Ament, Judith M and Collen, Ben and Carbone, Chris and Mace, Georgina M and Freeman, Robin},
	journal={People and Nature},
	volume={1},
	number={3},
	pages={305--316},
	year={2019},
	publisher={Wiley Online Library}
}

@incollection{purvis2018modelling,
  title={Modelling and projecting the response of local terrestrial biodiversity worldwide to land use and related pressures: the PREDICTS project},
  author={Purvis, Andy and Newbold, Tim and De Palma, Adriana and Contu, Sara and Hill, Samantha LL and Sanchez-Ortiz, Katia and Phillips, Helen RP and Hudson, Lawrence N and Lysenko, Igor and B{\"o}rger, Luca and others},
  booktitle={Advances in ecological research},
  volume={58},
  pages={201--241},
  year={2018},
  publisher={Elsevier}
}

